%Bibliography order by: book, thesis, articles
% ---- BOOKS ----


@book{Aircraft_simulation,
	author = {Brian L. Stevens, Frank L. Lewis, Eric N. Johnson},
	title = {Aircraft Control and Simulation},
	date = {2016},
}

@book{Nelson_control,
	author = {Robert C. Nelson},
	title = {Flight Stability and Automatic Control},
	date = {1989},
}

@book{Abzug,
	author = {Malcom J Abzug and E Eugene Larrabee},
	title = {Airplane Stability and Control, A History of the Technologies that Made Aviation Possible},
	year = {2005},
	OPTisbn = {13 978-0-521-02128-9},
}

@book{Boiffier,
	author = {Jean Luc Boiffier},
	title = {The Dynamics of Flight},
	year = {1998},
}

@book{Etkin,
	author = {Bernard Etkin},
	title = {Dynamics of Atmospheric flight},
	year = {1979},
}

@book{ActionneurElectric,
	author = {Guy Grellet and Guy Clerc},
	title = {Actionneurs \'electriques},
	year = {1997},
}

% ---- THESIS ----

@thesis{FeuersangerReducedStability,
	title={Control of Aircraft with Reduced Stability},
	author={Alexander P Feuersanger},
	type = {PhD Thesis},
	institution = {ISAE-SUPAERO, ONERA},
	year={2008}
}

@thesis{ChudobaUnconventionalConf,
	author = {Bernd Chudoba},
	title = {Stability and Control of Conventional and Unconventional Aircraft Configuration},
	type = {PhD Thesis},
	institution = {Cranfield University},
	year = {2001},
}

@thesis{StucklMethodsDesignElectriProp,
	title={Methods for the Design and Evaluation of Future Aircraft Concepts Utilizing Electric Propulsion Systems},
	author={Stefan St\"uckl},
	type = {PhD Thesis},
	institution = {Technische Universit\"at M\"unchen},
	year={2015}
}

@thesis{YannDenieul,
	title={Preliminary Design of Control Surfaces and Laws for Unconventional Aircraft Configurations},
	author={Yann Denieul},
	type = {PhD Thesis},
	institution = {ISAE},
	year={2016}
}

@thesis{MorrisFlDynCstinMDO,
	title={Flight Dynamic Contraints in Conceptual Aircraft Design Analysis and Design Optimization},
	author={Craig C Morris},
	type = {PhD Thesis},
	institution = {Virginia Polytechnic Institute},
	year={2013}
}

% ---- ARTICLE ----

@article{DEP_review_and_potential,
	author = {Amir S. Gohardani, Georgios Doulgeris, Riti Singh},
	title = {Challenges of future aircraft propulsion: a review of distributed propilsion technology and its potential application for the all electric commercial aircraft.},
	journaltitle = {Progress in Aerospace Sciences},
	date = {2010},
}

@article{Aircraft_drag_reduction,
	author = {D M Bushnell},
	title = {Aircraft Drag Reduction - a Review},
	journaltitle = {J. Aerospace Engineering},
	date = {2002},
}

@article{InnovativeFlow_Lin,
	author = {John C Lin and al},
	title = {Innovative Flow Control Concepts for Drag Reduction},
	year = {2016},
}

@article{CosenzaHandlingQualities,
	author = {Dario Cozensa and Roelof Vos},
	title = {Handling Qualities Optimization in Aircraft Conceptual Design},
	journal= {17th AIAA AVIATION Forum},
	year = {2017},
}

@article{SachsElectricPerf,
	author = {G.Sachs},
	title = {Flight Performance Issues of Electric Aircraft},
	year = {2012},
}

@article{ActiveFlow_Lin,
	author = {John C Lin, and al},
	title = {An Overview of Active Flow Control Enhanced Vertical Tail Technology Development},
	year = {2016},
}

@article{FullScall_Whalen,
	author = {Edward A Whalen, and al},
	title = {Performance Enhancement of a Full-Scale Vertical Tail Model Equipped with Active Flow Control},
	year = {2015},
}

@article{Caltech_test_Seele,
	author = {Roman Seele, Emilio Graff, John Lin, Israel Wygnanski},
	title = {Performance Enhancement of a Vertical Tail Model with Sweeping Jet Actuators},
	year = {2013},
}

@article{AFC_NASA_report_Mooney,
	author = {Helen P Mooney and John B Brandt and Douglas S Lacy and Edward A Whalen},
	title = {AFC-Enabled Vertical Tail System Integration Study},
	year = {2014},
}

@article{JategaonkarDLRApplication,
	title={Aerodynamic modeling and system identification from flight data, recent application at DLR},
	author={Ravindra Jategaonkar, Dietrich Fischenberg, and Wolfgang von Gruenhagen},
	journal={Journal of Aircraft},
	year={2004}
}

@article{OppeinheimerControlAllocation,
	title={Control allocation for overactuated systems},
	author={Michael W Oppenheimer and David B Doman, Ph.D.},
	journal={4th Mediterranean Conference on Control Automation proceedings},
	year={2006}
}

@article{Anderson_CCV_design,
	title={An MDO Approach to Control Configured Vehicle Design},
	author={M R Anderson and W H Mason},
	journal={AIAA},
	year={1996}
}

@article{Assessment_of_DEP,
	title={Assessment of the Potential Advantages of Distributed Propulsion for Aircraft},
	author={Andy Ko and J A Schetz and William H Mason},
	journal={ISABE-2003-1094},
	year={2003}
}

@article{Aero_perf_jet-wing,
	title={Propulsion and aerodynamic performance evaluation of jet wing distributed propulsion},
	author={J. A Schetz, Serhat Hosder, Vance Dippold, Jessica Walker},
	journal={Aerospace Science and Technology 14},
	year={2009}
}

@article{Turboelec_prop_analysis_nasa,
	title={Turboelectric Distributed Propulsion Engine Cycle Analysis for Hybrid Wing Body Aircraft},
	author={James L Felder and Hyun Dae Kim and Gerald V Brown},
	journal={AIAA},
	year={2009}
}

@article{Ampere_concept,
	title={Distributed electric propulsion for small business aircraft a concept-plane for key-technologies investigations},
	author={Jean Hermetz and Michael Ridel and Carsten D\"oll},
	journal={CAS 2016, Sep 2016, DAEJEON, South Korea},
	year={2016}
}

@article{Borer,
	title={Comparison of Aero-Propulsive Performance Predictions for Distributed Propulsion Configuration},
	author={Nicholas K Borer and al},
	journal={AIAA},
	year={2017}
}


@article{WelsteadConceptualDesignAugmentedStability,
	author = {Jason Welstead, Gilbert L Crouse Jr},
	title = {Conceptual Design Optimization of an Augmented Stability Aircraft Incorporating Dynamic Response and Actuator Constraints},
	journaltitle = {AIAA},
	year = {2014},
}

@article{MisconceptionMoore,
	author = {Mark D Moore and Bill Fredericks},
	title = {Misconception of Electric Propulsion Aircraft and their Emergent Aviation Market},
	journaltitle = {AIAA},
	year = {2014},
}

@article{GomanAttainableEqui,
	author = {M G Goman, A V Khramtsovsky, and E N Kolesnikov},
	title = {Evaluation of Aircraft Performance and Maneuvrability by Computation of Attainable Equilibrium Sets},
	journaltitle = {AIAA},
	year = {2014},
}

@article{LiuPerezMDOFramework,
	author = {Ruben E Perez, H T Liu and Kamran Behdinan},
	title = {Multidisciplinary Optimization Framework for Control Configuration Integration in Aircraft Conceptual Design},
	journaltitle = {Journal of Aircraft Vol. 43, No. 6},
	year = {2006},
}


@article{OppeinheimerControlAllocation,
	title={Control allocation for overactuated systAmpems},
	author={Michael W Oppenheimer and David B Doman, Ph.D.},
	journal={4th Mediterranean Conference on Control Automation proceedings},
	year={2006}
}

@article{dellavecchia,
	title={Development of Methodologies for the Aerodynamic Design and Optimization of New Regional Turboprop Aircraft},
	author={Pierluigi Della Vecchia},
	year={2013}
}

@article{NicolosiNewApproach,
	title={A New Approach in Aircraft Vertical Tailplane Design},
	author={Danilo Ciliberti and Fabrizio Nicolosi and Pierluigi Della Vecchia},
	year={2013}
}

@article{NicolosiInvestigationVertical,
	title={An investigation on vertical tailplane contribution to aircraft sideforce},
	author={Fabrizio Nicolosi and Pierluigi Della Vecchia and Danilo Ciliberti},
	year={2012}
}

@article{NicolosiVTDesignReview,
	title={A Comprehensive Review of Vertical Tail Design},
	author={Fabrizio Nicolosi and Pierluigi Della Vecchia and Danilo Ciliberti and Salvatore Corcione and Vincenzo Cusati},
	year={2017}
}

@article{NicolosiDirectionalStabilityReviewofEmpiricalMethod,
	title={Aircraft Directional Stability and Vertical Tail Design: A review of semi-empirical methods},
	author={Danilo Ciliberti and  Pierluigi Della Vecchia and Fabrizio Nicolosi and Agostino De Marco},
	year={2017}
}

@article{DiederichPlanformParameter,
	title={A planform parameter for correletating certain aerodynamic characteristics of swept wing},
	author={Franklin W. Diederich},
	year={1951}
}

@article{DesignPerfSceptor,
	title={Design and Performance of the NASA SCEPTOR Distributed Electric Propulsion Flight Demonstrator},
	author={Nicholas K Borer and Michael D Patterson and Jeffrey K Viken and Mark D Moore and al},
	journal={AIAA},
	year={2016}
}

@article{HermanImpactControlConceptonDesign,
	title={Impact of Advance Control Concept on Aircraft Design},
	author={Dr Herman A Rediess},
	journal={ICAS},
	year={1980}
}

@article{Chudoba_generic_method,
	title={A Generic Stability and Control Methodology for Novel Aircraft Conceptual Design},
	author={B. Chudoba, H. Smith},
	journal={AIAA},
	year={2003}
}

% ---- MISC autres ----

@misc{WiringSpace,
	title = {Aerospace Standard AS 50881 : Wiring Aerospace Vehicle},
	year = {2010},
	author = {},
}



@misc{JanesAircraft,
	title = {Jane's all the World Aircraft},
	year = {2015},
}

@misc{ATRFAAtypecertificate,
	title = {Type Certificate data sheet No. A53EU},
	year = {2015},
}

@misc{CS25,
	ALTeditor = {EASA},
	title = {Certification Specifications and Acceptable Means of Compliance for Large Aeroplanes CS-25},
	year = {August 2017},
}

@misc{TouchdownPCA,
	ALTeditor = {NASA Dryden Flight Research},
	ALTauthor = {Tom Tucker},
	title = {Touchdown : the Developement of Propulsion Controlled Aircraft at NASA Dryden},
	year = {1999},
}


@report{Beech99Derivatives,
	author = {Russel R Tanner and Terry D Montgomery},
	title = {Stability and Control Derivative Estimates Obtained from Flight Data for the Beech 99 Aircraft},
	type = {Technical Report},
	institution = {NASA Dryden Flight Research Center},
	year = {1978},
}
